@ARTICLE{astropy,
       author = {{Astropy Collaboration} and {Robitaille}, Thomas P. and {Tollerud}, Erik J. and {Greenfield}, Perry and {Droettboom}, Michael and {Bray}, Erik and {Aldcroft}, Tom and {Davis}, Matt and {Ginsburg}, Adam and {Price-Whelan}, Adrian M. and {Kerzendorf}, Wolfgang E. and {Conley}, Alexander and {Crighton}, Neil and {Barbary}, Kyle and {Muna}, Demitri and {Ferguson}, Henry and {Grollier}, Fr{\'e}d{\'e}ric and {Parikh}, Madhura M. and {Nair}, Prasanth H. and {Unther}, Hans M. and {Deil}, Christoph and {Woillez}, Julien and {Conseil}, Simon and {Kramer}, Roban and {Turner}, James E.~H. and {Singer}, Leo and {Fox}, Ryan and {Weaver}, Benjamin A. and {Zabalza}, Victor and {Edwards}, Zachary I. and {Azalee Bostroem}, K. and {Burke}, D.~J. and {Casey}, Andrew R. and {Crawford}, Steven M. and {Dencheva}, Nadia and {Ely}, Justin and {Jenness}, Tim and {Labrie}, Kathleen and {Lim}, Pey Lian and {Pierfederici}, Francesco and {Pontzen}, Andrew and {Ptak}, Andy and {Refsdal}, Brian and {Servillat}, Mathieu and {Streicher}, Ole},
        title = "{Astropy: A community Python package for astronomy}",
      journal = {\aap},
     keywords = {methods: data analysis, methods: miscellaneous, virtual observatory tools, Astrophysics - Instrumentation and Methods for Astrophysics},
         year = 2013,
        month = oct,
       volume = {558},
          eid = {A33},
        pages = {A33},
          doi = {10.1051/0004-6361/201322068},
archivePrefix = {arXiv},
       eprint = {1307.6212},
 primaryClass = {astro-ph.IM},
       adsurl = {https://ui.adsabs.harvard.edu/abs/2013A&A...558A..33A},
      adsnote = {Provided by the SAO/NASA Astrophysics Data System}
}


@ARTICLE{WSClean,
       author = {{Offringa}, A.~R. and {McKinley}, B. and {Hurley-Walker}, N. and {Briggs}, F.~H. and {Wayth}, R.~B. and {Kaplan}, D.~L. and {Bell}, M.~E. and {Feng}, L. and {Neben}, A.~R. and {Hughes}, J.~D. and {Rhee}, J. and {Murphy}, T. and {Bhat}, N.~D.~R. and {Bernardi}, G. and {Bowman}, J.~D. and {Cappallo}, R.~J. and {Corey}, B.~E. and {Deshpande}, A.~A. and {Emrich}, D. and {Ewall-Wice}, A. and {Gaensler}, B.~M. and {Goeke}, R. and {Greenhill}, L.~J. and {Hazelton}, B.~J. and {Hindson}, L. and {Johnston-Hollitt}, M. and {Jacobs}, D.~C. and {Kasper}, J.~C. and {Kratzenberg}, E. and {Lenc}, E. and {Lonsdale}, C.~J. and {Lynch}, M.~J. and {McWhirter}, S.~R. and {Mitchell}, D.~A. and {Morales}, M.~F. and {Morgan}, E. and {Kudryavtseva}, N. and {Oberoi}, D. and {Ord}, S.~M. and {Pindor}, B. and {Procopio}, P. and {Prabu}, T. and {Riding}, J. and {Roshi}, D.~A. and {Shankar}, N. Udaya and {Srivani}, K.~S. and {Subrahmanyan}, R. and {Tingay}, S.~J. and {Waterson}, M. and {Webster}, R.~L. and {Whitney}, A.~R. and {Williams}, A. and {Williams}, C.~L.},
        title = "{WSCLEAN: an implementation of a fast, generic wide-field imager for radio astronomy}",
      journal = {\mnras},
     keywords = {instrumentation: interferometers, methods: observational, techniques: interferometric, radio continuum: general, Astrophysics - Instrumentation and Methods for Astrophysics},
         year = 2014,
        month = oct,
       volume = {444},
       number = {1},
        pages = {606-619},
          doi = {10.1093/mnras/stu1368},
archivePrefix = {arXiv},
       eprint = {1407.1943},
 primaryClass = {astro-ph.IM},
       adsurl = {https://ui.adsabs.harvard.edu/abs/2014MNRAS.444..606O},
      adsnote = {Provided by the SAO/NASA Astrophysics Data System}
}

@BOOK{TMS,
       author = {{Thompson}, A. Richard and {Moran}, James M. and {Swenson}, George W., Jr.},
        title = "{Interferometry and Synthesis in Radio Astronomy, 3rd Edition}",
         year = 2017,
    publisher = "Springer",
          doi = {10.1007/978-3-319-44431-4},
       adsurl = {https://ui.adsabs.harvard.edu/abs/2017isra.book.....T},
      adsnote = {Provided by the SAO/NASA Astrophysics Data System}
}

@ARTICLE{FHD,
       author = {{Sullivan}, I.~S. and {Morales}, M.~F. and {Hazelton}, B.~J. and {Arcus}, W. and {Barnes}, D. and {Bernardi}, G. and {Briggs}, F.~H. and {Bowman}, J.~D. and {Bunton}, J.~D. and {Cappallo}, R.~J. and {Corey}, B.~E. and {Deshpande}, A. and {deSouza}, L. and {Emrich}, D. and {Gaensler}, B.~M. and {Goeke}, R. and {Greenhill}, L.~J. and {Herne}, D. and {Hewitt}, J.~N. and {Johnston-Hollitt}, M. and {Kaplan}, D.~L. and {Kasper}, J.~C. and {Kincaid}, B.~B. and {Koenig}, R. and {Kratzenberg}, E. and {Lonsdale}, C.~J. and {Lynch}, M.~J. and {McWhirter}, S.~R. and {Mitchell}, D.~A. and {Morgan}, E. and {Oberoi}, D. and {Ord}, S.~M. and {Pathikulangara}, J. and {Prabu}, T. and {Remillard}, R.~A. and {Rogers}, A.~E.~E. and {Roshi}, A. and {Salah}, J.~E. and {Sault}, R.~J. and {Udaya Shankar}, N. and {Srivani}, K.~S. and {Stevens}, J. and {Subrahmanyan}, R. and {Tingay}, S.~J. and {Wayth}, R.~B. and {Waterson}, M. and {Webster}, R.~L. and {Whitney}, A.~R. and {Williams}, A. and {Williams}, C.~L. and {Wyithe}, J.~S.~B.},
        title = "{Fast Holographic Deconvolution: A New Technique for Precision Radio Interferometry}",
      journal = {\apj},
     keywords = {dark ages, reionization, first stars, techniques: image processing, techniques: interferometric, Astrophysics - Instrumentation and Methods for Astrophysics, Astrophysics - Cosmology and Extragalactic Astrophysics},
         year = 2012,
        month = nov,
       volume = {759},
       number = {1},
          eid = {17},
        pages = {17},
          doi = {10.1088/0004-637X/759/1/17},
archivePrefix = {arXiv},
       eprint = {1209.1653},
 primaryClass = {astro-ph.IM},
       adsurl = {https://ui.adsabs.harvard.edu/abs/2012ApJ...759...17S},
      adsnote = {Provided by the SAO/NASA Astrophysics Data System}
}